<?xml version="1.0" encoding="utf-8"?>
<record xmlns="http://www.loc.gov/MARC21/slim">
  <leader>00433njm a22     Ka 4500</leader>
  <controlfield tag="008">110818s        xx   nn           n     d</controlfield>
  <datafield tag="024" ind1="1" ind2=" ">
    <subfield code="a"></subfield>
  </datafield>
  <datafield tag="040" ind1=" " ind2=" ">
    <subfield code="a">NTG</subfield>
  </datafield>
  <datafield tag="099" ind1=" " ind2=" ">
    <subfield code="a">CD ON ORDER</subfield>
  </datafield>
  <datafield tag="100" ind1="1" ind2=" ">
    <subfield code="a"></subfield>
  </datafield>
  <datafield tag="245" ind1="1" ind2="0">
    <subfield code="a"></subfield>
    <subfield code="h">[sound recording] /</subfield>
    <subfield code="c"></subfield>
  </datafield>
  <datafield tag="246" ind1="3" ind2="0">
    <subfield code="a"></subfield>
  </datafield>
  <datafield tag="260" ind1=" " ind2=" ">
    <subfield code="b"></subfield>
    <subfield code="c">p</subfield>
  </datafield>
  <datafield tag="938" ind1=" " ind2=" ">
    <subfield code="a">(BT)</subfield>
  </datafield>
  <datafield tag="998" ind1=" " ind2=" ">
    <subfield code="d">j</subfield>
  </datafield>
</record>